@article{1_,
author = {M. Larcombe},
year = {1979},
title = {Mobile robots for industrial use},
journal = {Industrial Robot: An International Journal},
doi = {10.1108/eb004752}
}



@INPROCEEDINGS{2_,
  author={Borenstein, J. and Liqiang Feng},
  booktitle={Proceedings 1995 IEEE/RSJ International Conference on Intelligent Robots and Systems. Human Robot Interaction and Cooperative Robots}, 
  title={Correction of systematic odometry errors in mobile robots}, 
  year={1995},
  volume={3},
  number={},
  pages={569-574 vol.3},
  doi={10.1109/IROS.1995.525942}}

@INPROCEEDINGS{3_,
  title={Introduction to Autonomous Mobile Robots (Intelligent Robotics and Autonomous Agents).},
  booktitle={The MIT Press},
  author={R. Siegwart and I. R. Nourbakhsh},
  year={2004}
}

@article{4_,
doi = {10.1088/1742-6596/2024/1/012056},
year = {2021},
publisher = {IOP Publishing},
volume = {2024},
author = {P. Qu C. Su H. Wu X. X. Xu S. Gao and X. G. Zhao},
title = {Mapping performance comparison of 2D SLAM algorithms based on different sensor combinations},
journal = {Journal of Physics: Conference Series},
}

@article{5_,
  title={},
  author={A. Birk and M. Pfingsthorn},
  year={2016},
  month={01},
  journal={Simultaneous localization and mapping (SLAM)},
  doi={10.1002/047134608X.W8322}
  
}
@INPROCEEDINGS{8616217,
  author={Chan, Shao-Hung and Wu, Ping-Tsang and Fu, Li-Chen},
  booktitle={2018 IEEE International Conference on Systems, Man, and Cybernetics (SMC)}, 
  title={Robust 2D Indoor Localization Through Laser SLAM and Visual SLAM Fusion}, 
  year={2018},
  volume={},
  number={},
  pages={1263-1268},
  doi={10.1109/SMC.2018.00221}
  }
  
@ARTICLE{9045978,
  author={Bavle, Hriday and De La Puente, Paloma and How, Jonathan P. and Campoy, Pascual},
  journal={IEEE Access}, 
  title={VPS-SLAM: Visual Planar Semantic SLAM for Aerial Robotic Systems}, 
  year={2020},
  volume={8},
  number={},
  pages={60704-60718},
  doi={10.1109/ACCESS.2020.2983121}
  }
  
  @INPROCEEDINGS{933089,
  author={Lixin Tang and Yuta, S.},
  booktitle={Proceedings 2001 ICRA. IEEE International Conference on Robotics and Automation (Cat. No.01CH37164)}, 
  title={Vision based navigation for mobile robots in indoor environment by teaching and playing-back scheme}, 
  year={2001},
  volume={3},
  number={},
  pages={3072-3077 vol.3},
  doi={10.1109/ROBOT.2001.933089}}
